@conference{shiandtomasi,
    author    = "Jianbo Shi and Carlo Tomasi",
    title     = "Good Features to Track",
    booktitle = "9th IEEE Conference on Computer Vision and Pattern Recognition",
    editor   = "Springer",
    year      = "1994",
}
@Book{oreilly,
   author =      "Gary Bradski and Adrian Kaehler",
   title =       "Learning OpenCV",
   publisher =   "O'Reilly",
   year =        2008,
 }
@CONFERENCE{canny86,
AUTHOR       = {John Canny}, 
TITLE        = {A Computational Aproach to Edge Detection},
BOOKTITLE    = {IEEE Trans. On Pattern Analysis and Machine Inteligence},
YEAR         = {1986},
Pages        = {679-698},
}
@CONFERENCE{harris88,
AUTHOR       = {Chris Harris and Mike Stephens}, 
TITLE        = {A combined corner and edge detector},
BOOKTITLE    = {Proceedings of the 4th Alvey Vision Conference},
YEAR         = {1988},
Pages        = {147–151},
}

@CONFERENCE{LucasKanade,
AUTHOR       = {B. D. Lucas and T. Kanade}, 
TITLE        = {An iterative image registration technique with an application to stereo vision},
BOOKTITLE    = {Proceedings of Imaging Understanding Workshop},
YEAR         = {1981},
Pages        = {121-130},
}
@misc{googlesensor,
  title = {Sensor Fusion on Android Devices: A Revolution in Motion Processing},
  author = {David Sachs},
  howpublished = {\url{http://www.youtube.com/watch?v=C7JQ7Rpwn2k}},
  note = {min 23:20}
}

@CONFERENCE{illuFace,
AUTHOR       = {Xiaoyang Tan and Bill Triggs}, 
TITLE        = {Enhanced Local Texture Feature Sets for Face Recognition Under Difficult Lighting Conditions},
BOOKTITLE    = {IEEE Transactions on Image Processing 19},
YEAR         = {2010},
Pages        = {1635-1650},
}


